@conference{hilton,
    author = "{Michael Hilton et al.}",
    title = "Usage, costs, and benefits of continuous integration in open-source projects",
    journal = "ASE 2016 Proceedings of the 31st IEEE/ACM International Conference on Automated Software Engineering",
    pages = "426-437",
    year = "2016",
    url = "https://dl.acm.org/citation.cfm?id=2970358",
    keywords = "ci"
}

@conference{forsgren,
    author = "{Nicole Forsgren and Jez Humble}",
    title = "The Role of Continuous Delivery in IT and Organizational Performance",
    journal = "In the Proceedings of the Western Decision Sciences Institute (WDSI) 2016, Las Vegas, NV.",
    year = "2016",
    url = "https://papers.ssrn.com/sol3/papers.cfm?abstract_id=2681909",
    keywords = "cd"
}

@online{continuousdeliveryfaster,
    author = "Jez Humble",
    title = "Why continuous delivery?",
    url  = "https://continuousdelivery.com/",
    addendum = "(accessed: 04.05.2018)",
    keywords = "cdfaster"
}

@online{python-asyncio,
    author = "The Python Software Foundation",
    title = "asyncio - Asynchronous I/O, event loop, coroutines and tasks",
    url  = "https://docs.python.org/3/library/asyncio.html",
    addendum = "(accessed: 18.05.2018)",
    keywords = "python"
}

@online{python-aiohttp,
    author = "Aiohttp contributors",
    title = "Welcome to AIOHTTP",
    url  = "https://aiohttp.readthedocs.io/en/stable/",
    addendum = "(accessed: 22.05.2018)",
    keywords = "python"
}

@online{rethinkdb,
    author = "The Linux Foundation",
    title = "Frequently asked questions",
    url  = "https://www.rethinkdb.com/faq/",
    addendum = "(accessed: 22.05.2018)",
    keywords = "rethinkdb rdb rethink database"
}

@online{mithriljs,
    author = "Leo Horie",
    title = "Introduction",
    url  = "https://mithril.js.org/",
    addendum = "(accessed: 22.05.2018)",
    keywords = "javascript mithril js mithril-js"
}

@online{mithril-framework-comparison,
    author = "Leo Horie",
    title = "Framework comparison",
    url  = "https://mithril.js.org/framework-comparison.html",
    addendum = "(accessed: 30.05.2018)",
    keywords = "javascript mithril js mithril-js framework comparison"
}

@online{github-markdown,
    author = "GitHub Inc.",
    title = "Mastering Markdown",
    url  = "https://guides.github.com/features/mastering-markdown/",
    addendum = "(accessed: 22.05.2018)",
    keywords = "github markdown documentation doc"
}

@online{readthedocs,
    author = "Read the Docs, Inc & contributors",
    title = "Technical documentation lives here",
    url  = "https://readthedocs.org/",
    addendum = "(accessed: 23.05.2018)",
    keywords = "readthedocs documentation doc"
}

@online{github,
    author = "GitHub Inc.",
    title = "Built for developers",
    url  = "https://github.com/",
    addendum = "(accessed: 23.05.2018)",
    keywords = "github"
}

@online{caddyserver,
    author = "Light Code Labs",
    title = "EVERY site on HTTPS",
    url  = "https://caddyserver.com/",
    addendum = "(accessed: 23.05.2018)",
    keywords = "caddy caddyserver https web"
}

@online{google-qps,
    author = "Jeremy K. Chen",
    title = "Google Public DNS: 70 billion requests a day and counting",
    url  = "https://googleblog.blogspot.no/2012/02/google-public-dns-70-billion-requests.html",
    addendum = "(accessed: 28.05.2018)"
}

@book{ddms,
    author = "M. Tamer Özsu et al.",
    edition = "Third Edition",
    publisher = "Springer",
    title = "Principles of Distributed Database Systems",
    year = "2011",
    ISBN = "1441988335"
}

@masterthesis{nosql-ntnu,
    author = "Midtgård, Kristian",
    title = "Collecting massive amounts of location data in a NoSQL database - Identifying best practices for high write throughput",
    school = "NTNU",
    year = "2017",
    url = "http://hdl.handle.net/11250/2462187"
}

@conference{cmp-nosql,
    title = "A comparison between several NoSQL databases with comments and notes",
    author = "Bogdan George Tudorica and Cristian Bucur",
    pages = "891--921",
    year = "2011",
    doi = "10.1109/RoEduNet.2011.5993686",
    ISBN = "978-1-4577-1235-7"
}

@online{happy,
    author = "Daniel Sgroi",
    title = "Happiness and productivity: Understanding the
happy-productive worker",
    year = "2015",
    url = "http://www.smf.co.uk/wp-content/uploads/2015/10/Social-Market-Foundation-Publication-Briefing-CAGE-4-Are-happy-workers-more-productive-281015.pdf"
}
    
@online{av1,
    title = "What is an Attack Vector?",
    url = "https://www.techopedia.com/definition/15793/attack-vector",
    addendum = "(accessed: 30.05.2018)"
}

@online{av2,
    title = "Vector(Malware)",
    year = "2018",
    url = "https://en.wikipedia.org/wiki/Vector_(malware)",
    addendum = "(accessed: 30.05.2018)"
}

@online{av3,
    title = "Attack Vector",
    author = "Amit Kumar Sharma",
    year = "2014",
    url = "https://eforensicsmag.com/attack-vector/",
    addendum = "(accessed: 30.05.2018)"
}

@article{as,
    url = "http://www.cs.cmu.edu/afs/cs/usr/wing/www/publications/ManadhataWing04.pdf",
    author = "Pratyusa Manadhata and Jeannette M. Wing",
    title = "Measuring a System’s Attack Surface",
    year = "2004",
    school = "Carnegie Mellon University"
}

@online{ddos,
    url = "https://www.us-cert.gov/ncas/tips/ST04-015",
    title = "Understanding Denial-of-Service Attacks",
    author = "Mindi McDowell",
    year = 2013,
    addendum = "(accessed: 02.06.2018)"
}

@online{rfc7457,
    url = "https://tools.ietf.org/html/rfc7457",
    title = "Summarizing Known Attacks on Transport Layer Security (TLS) and Datagram TLS (DTLS)",
    author = "Sheffer, et al.",
    year = 2015,
    addendum = "(accessed: 02.06.2018)"
}

@online{sslpulse,
    url = "https://www.ssllabs.com/ssl-pulse/",
    title = "Qualys SSL Labs",
    author = "Qualys, Inc.",
    year = 2018,
    addendum = "(accessed: 02.06.2018)"
}

@online{docker-no-id,
    url = "https://docs.docker.com/docker-hub/webhooks/",
    title = "Webhooks for automated builds",
    author = "Docker, Inc.",
    year = 2018,
    addendum = "(accessed: 02.06.2018)"
}